
@article{newman_structure_2003,
	title = {The {Structure} and {Function} of {Complex} {Networks}},
	volume = {45},
	issn = {0036-1445},
	doi = {10.1137/S003614450342480},
	number = {2},
	journal = {SIAM Review},
	author = {Newman, M. E. J.},
	year = {2003},
	pages = {167--256},
	file = {0303516.pdf:G\:\\Geoff\\Dropbox\\Documents\\School\\PhD\\Readings\\Zotero\\storage\\DXC92GCJ\\0303516.pdf:application/pdf}
}

@book{southworth_streets_1997,
	address = {New York, NY},
	title = {Streets and the {Shaping} of {Towns} and {Cities}},
	isbn = {978-1-55963-916-3},
	publisher = {McGraw-Hill},
	author = {Southworth, Michael and Ben-Joseph, Eran},
	year = {1997}
}

@article{barthelemy_spatial_2011,
	title = {Spatial networks},
	volume = {499},
	issn = {03701573},
	doi = {10.1016/j.physrep.2010.11.002},
	language = {en},
	number = {1-3},
	journal = {Physics Reports},
	author = {Barthelemy, Marc},
	year = {2011},
	pages = {1--101},
	file = {1010.0302v2.pdf:G\:\\Geoff\\Dropbox\\Documents\\School\\PhD\\Readings\\Zotero\\storage\\C66832C9\\1010.0302v2.pdf:application/pdf}
}

@article{ewing_travel_2010,
	title = {Travel and the {Built} {Environment}: {A} {Meta}-{Analysis}},
	volume = {76},
	issn = {0194-4363},
	shorttitle = {Travel and the {Built} {Environment}},
	doi = {10.1080/01944361003766766},
	number = {3},
	journal = {Journal of the American Planning Association},
	author = {Ewing, Reid and Cervero, Robert},
	year = {2010},
	keywords = {transportation, urban design},
	pages = {265--294},
	file = {ewing and cervero - Travel and the Built Environment.pdf:G\:\\Geoff\\Dropbox\\Documents\\School\\PhD\\Readings\\Zotero\\storage\\VX7K4GUI\\ewing and cervero - Travel and the Built Environment.pdf:application/pdf}
}

@book{jokar_arsanjani_openstreetmap_2015,
	address = {Cham, Switzerland},
	series = {Lecture {Notes} in {Geoinformation} and {Cartography}},
	title = {{OpenStreetMap} in {GIScience}},
	isbn = {978-3-319-14279-1},
	publisher = {Springer International},
	editor = {Jokar Arsanjani, Jamal and Zipf, Alexander and Mooney, Peter and Helbich, Marco},
	year = {2015},
	file = {OpenStreetMap_in_GIScience.pdf:G\:\\Geoff\\Dropbox\\Documents\\School\\PhD\\Readings\\Zotero\\storage\\XVEF57I2\\OpenStreetMap_in_GIScience.pdf:application/pdf}
}

@article{barthelemy_betweenness_2004,
	title = {Betweenness centrality in large complex networks},
	volume = {38},
	issn = {1434-6028},
	doi = {10.1140/epjb/e2004-00111-4},
	number = {2},
	journal = {The European Physical Journal B: Condensed Matter and Complex Systems},
	author = {Barthelemy, Marc},
	year = {2004},
	pages = {163--168},
	file = {barthelemy-betweenness-centrality.pdf:G\:\\Geoff\\Dropbox\\Documents\\School\\PhD\\Readings\\Zotero\\storage\\DJ3ZMJ79\\barthelemy-betweenness-centrality.pdf:application/pdf}
}

@article{jiang_integration_2002,
	title = {Integration of space syntax into {GIS}: new perspectives for urban morphology},
	volume = {6},
	issn = {1467-9671},
	shorttitle = {Integration of space syntax into {GIS}},
	doi = {10.1111/1467-9671.00112},
	number = {3},
	journal = {Transactions in GIS},
	author = {Jiang, Bin and Claramunt, Christophe},
	year = {2002},
	pages = {295--309},
	file = {jiang-space-syntax-gis.pdf:G\:\\Geoff\\Dropbox\\Documents\\School\\PhD\\Readings\\Zotero\\storage\\G55DWQ86\\jiang-space-syntax-gis.pdf:application/pdf}
}

@article{porta_network_2006,
	title = {The network analysis of urban streets: {A} dual approach},
	volume = {369},
	issn = {03784371},
	shorttitle = {The network analysis of urban streets},
	doi = {10.1016/j.physa.2005.12.063},
	language = {en},
	number = {2},
	journal = {Physica A: Statistical Mechanics and its Applications},
	author = {Porta, Sergio and Crucitti, Paolo and Latora, Vito},
	year = {2006},
	pages = {853--866},
	file = {porta-urban-network-dual.pdf:G\:\\Geoff\\Dropbox\\Documents\\School\\PhD\\Readings\\Zotero\\storage\\IPJUR8WT\\porta-urban-network-dual.pdf:application/pdf}
}

@article{porta_network_2006-1,
	title = {The network analysis of urban streets: a primal approach},
	volume = {33},
	issn = {1472-3417},
	shorttitle = {The network analysis of urban streets},
	doi = {10.1068/b32045},
	language = {en},
	number = {5},
	journal = {Environment and Planning B: Planning and Design},
	author = {Porta, Sergio and Crucitti, Paolo and Latora, Vito},
	year = {2006},
	pages = {705--725},
	file = {porta-urban-network-primal.pdf:G\:\\Geoff\\Dropbox\\Documents\\School\\PhD\\Readings\\Zotero\\storage\\CW3UM7UV\\porta-urban-network-primal.pdf:application/pdf}
}

@article{ratti_space_2004,
	title = {Space syntax: some inconsistencies},
	volume = {31},
	issn = {1472-3417},
	shorttitle = {Space syntax},
	doi = {10.1068/b3019},
	language = {en},
	number = {4},
	journal = {Environment and Planning B: Planning and Design},
	author = {Ratti, Carlo},
	year = {2004},
	pages = {487--499},
	file = {ratti-space-syntax.pdf:G\:\\Geoff\\Dropbox\\Documents\\School\\PhD\\Readings\\Zotero\\storage\\S45E2TKK\\ratti-space-syntax.pdf:application/pdf}
}

@book{trudeau_introduction_1994,
	address = {New York, NY},
	edition = {2nd},
	title = {Introduction to {Graph} {Theory}},
	isbn = {978-0-486-67870-2},
	abstract = {A stimulating excursion into pure mathematics aimed at "the mathematically traumatized," but great fun for mathematical hobbyists and serious mathematicians as well. Requiring only high school algebra as mathematical background, the book leads the reader from simple graphs through planar graphs, Euler's formula, Platonic graphs, coloring, the genus of a graph, Euler walks, Hamilton walks, and a discussion of The Seven Bridges of Konigsberg. Exercises are included at the end of each chapter. "The topics are so well motivated, the exposition so lucid and delightful, that the book's appeal should be virtually universal . . . Every library should have several copies" — Choice. 1976 edition.},
	language = {English},
	publisher = {Dover Publications},
	author = {Trudeau, Richard J.},
	year = {1994}
}

@book{newman_networks:_2010,
	address = {Oxford, England},
	title = {Networks: {An} {Introduction}},
	isbn = {978-0-19-920665-0},
	shorttitle = {Networks},
	language = {English},
	publisher = {Oxford University Press},
	author = {Newman, M. E. J.},
	year = {2010}
}

@article{albert_statistical_2002,
	title = {Statistical mechanics of complex networks},
	volume = {74},
	issn = {0034-6861},
	doi = {10.1103/RevModPhys.74.47},
	number = {1},
	journal = {Reviews of Modern Physics},
	author = {Albert, Réka and Barabási, Albert-László},
	year = {2002},
	pages = {47},
	file = {Albert-statistical-mechanics-complex-networks.pdf:G\:\\Geoff\\Dropbox\\Documents\\School\\PhD\\Readings\\Zotero\\storage\\I2NEHTG8\\Albert-statistical-mechanics-complex-networks.pdf:application/pdf}
}

@article{agryzkov_algorithm_2012,
	title = {An algorithm for ranking the nodes of an urban network based on the concept of {PageRank} vector},
	volume = {219},
	issn = {00963003},
	doi = {10.1016/j.amc.2012.08.064},
	language = {en},
	number = {4},
	journal = {Applied Mathematics and Computation},
	author = {Agryzkov, Taras and Oliver, Jose L. and Tortosa, Leandro and Vicent, Jose F.},
	year = {2012},
	pages = {2186--2193},
	file = {An algorithm for ranking.pdf:G\:\\Geoff\\Dropbox\\Documents\\School\\PhD\\Readings\\Zotero\\storage\\XRZ927TC\\An algorithm for ranking.pdf:application/pdf}
}

@article{barthelemy_modeling_2008,
	title = {Modeling {Urban} {Street} {Patterns}},
	volume = {100},
	issn = {0031-9007},
	doi = {10.1103/PhysRevLett.100.138702},
	language = {en},
	number = {13},
	journal = {Physical Review Letters},
	author = {Barthelemy, Marc and Flammini, Alessandro},
	year = {2008},
	file = {barthelemy-modeling-urban-street-patterns.pdf:G\:\\Geoff\\Dropbox\\Documents\\School\\PhD\\Readings\\Zotero\\storage\\FN5PCX4J\\barthelemy-modeling-urban-street-patterns.pdf:application/pdf}
}

@book{brandes_network_2005,
	address = {Berlin, Germany},
	series = {Lecture {Notes} in {Computer} {Science}},
	title = {Network analysis: methodological foundations},
	isbn = {978-3-540-24979-5},
	shorttitle = {Network analysis},
	number = {3418},
	publisher = {Springer},
	editor = {Brandes, Ulrik and Erlebach, Thomas},
	year = {2005},
	keywords = {Mathematical models, System analysis},
	file = {brandes-network-analysis-book.pdf:G\:\\Geoff\\Dropbox\\Documents\\School\\PhD\\Readings\\Zotero\\storage\\5N7TNTEN\\brandes-network-analysis-book.pdf:application/pdf}
}

@article{corcoran_analysing_2013,
	title = {Analysing the growth of {OpenStreetMap} networks},
	volume = {3},
	issn = {22116753},
	doi = {10.1016/j.spasta.2013.01.002},
	language = {en},
	journal = {Spatial Statistics},
	author = {Corcoran, Padraig and Mooney, Peter and Bertolotto, Michela},
	year = {2013},
	pages = {21--32},
	file = {corcoran - growth osm networks.pdf:G\:\\Geoff\\Dropbox\\Documents\\School\\PhD\\Readings\\Zotero\\storage\\FSNFRXC8\\corcoran - growth osm networks.pdf:application/pdf}
}

@article{costa_characterization_2007,
	title = {Characterization of complex networks: {A} survey of measurements},
	volume = {56},
	issn = {0001-8732, 1460-6976},
	shorttitle = {Characterization of complex networks},
	doi = {10.1080/00018730601170527},
	language = {en},
	number = {1},
	journal = {Advances in Physics},
	author = {Costa, L. da F. and Rodrigues, F. A. and Travieso, G. and Villas Boas, P. R.},
	year = {2007},
	pages = {167--242},
	file = {Costa-measures-characterize-complex-networks.pdf:G\:\\Geoff\\Dropbox\\Documents\\School\\PhD\\Readings\\Zotero\\storage\\HJITKF5P\\Costa-measures-characterize-complex-networks.pdf:application/pdf}
}

@article{cranmer_navigating_2017,
	title = {Navigating the range of statistical tools for inferential network analysis},
	volume = {61},
	doi = {10.1111/ajps.12263},
	number = {1},
	journal = {American Journal of Political Science},
	author = {Cranmer, Skyler J. and Leifeld, Philip and McClurg, Scott D. and Rolfe, Meredith},
	year = {2017},
	pages = {237--251},
	file = {cranmar-stats-network-analysis.pdf:G\:\\Geoff\\Dropbox\\Documents\\School\\PhD\\Readings\\Zotero\\storage\\GI7GEVJR\\cranmar-stats-network-analysis.pdf:application/pdf}
}

@article{crucitti_centrality_2006,
	title = {Centrality measures in spatial networks of urban streets},
	volume = {73},
	issn = {1539-3755},
	doi = {10.1103/PhysRevE.73.036125},
	language = {en},
	number = {3},
	journal = {Physical Review E},
	author = {Crucitti, Paolo and Latora, Vito and Porta, Sergio},
	year = {2006},
	pages = {036125},
	file = {crucitti-centrality-measures-urban-streets.pdf:G\:\\Geoff\\Dropbox\\Documents\\School\\PhD\\Readings\\Zotero\\storage\\8FV2XWM7\\crucitti-centrality-measures-urban-streets.pdf:application/pdf}
}

@article{crucitti_centrality_2006-1,
	title = {Centrality in networks of urban streets},
	volume = {16},
	issn = {10541500},
	doi = {10.1063/1.2150162},
	language = {en},
	number = {1},
	journal = {Chaos: An Interdisciplinary Journal of Nonlinear Science},
	author = {Crucitti, Paolo and Latora, Vito and Porta, Sergio},
	year = {2006},
	pages = {015113},
	file = {crucitti-chaos-centrality-urban-street-networks.pdf:G\:\\Geoff\\Dropbox\\Documents\\School\\PhD\\Readings\\Zotero\\storage\\R4EESIR7\\crucitti-chaos-centrality-urban-street-networks.pdf:application/pdf}
}

@article{gleich_pagerank_2015,
	title = {{PageRank} {Beyond} the {Web}},
	volume = {57},
	issn = {0036-1445},
	doi = {10.1137/140976649},
	language = {en},
	number = {3},
	journal = {SIAM Review},
	author = {Gleich, David F.},
	year = {2015},
	pages = {321--363},
	file = {Gleich 2015 - prbeyond.pdf:G\:\\Geoff\\Dropbox\\Documents\\School\\PhD\\Readings\\Zotero\\storage\\WHFUKPQR\\Gleich 2015 - prbeyond.pdf:application/pdf}
}

@article{huang_trajgraph:_2016,
	title = {{TrajGraph}: {A} {Graph}-{Based} {Visual} {Analytics} {Approach} to {Studying} {Urban} {Network} {Centralities} {Using} {Taxi} {Trajectory} {Data}},
	volume = {22},
	issn = {1077-2626},
	shorttitle = {{TrajGraph}},
	doi = {10.1109/TVCG.2015.2467771},
	number = {1},
	journal = {IEEE Transactions on Visualization and Computer Graphics},
	author = {Huang, Xiaoke and Zhao, Ye and Ma, Chao and Yang, Jing and Ye, Xinyue and Zhang, Chong},
	year = {2016},
	pages = {160--169},
	file = {huang-graph-based-visual-analytics-urban-network.pdf:G\:\\Geoff\\Dropbox\\Documents\\School\\PhD\\Readings\\Zotero\\storage\\PBTJPMWZ\\huang-graph-based-visual-analytics-urban-network.pdf:application/pdf}
}

@article{jiang_topological_2004,
	title = {Topological {Analysis} of {Urban} {Street} {Networks}},
	volume = {31},
	issn = {0265-8135},
	doi = {10.1068/b306},
	language = {en},
	number = {1},
	journal = {Environment and Planning B: Planning and Design},
	author = {Jiang, Bin and Claramunt, Christophe},
	year = {2004},
	pages = {151--162},
	file = {jiang-topo-urban-street-networks.pdf:G\:\\Geoff\\Dropbox\\Documents\\School\\PhD\\Readings\\Zotero\\storage\\4XF92PPM\\jiang-topo-urban-street-networks.pdf:application/pdf}
}

@article{chin_geographically_2015,
	title = {Geographically {Modified} {PageRank} {Algorithms}: {Identifying} the {Spatial} {Concentration} of {Human} {Movement} in a {Geospatial} {Network}},
	volume = {10},
	issn = {1932-6203},
	shorttitle = {Geographically {Modified} {PageRank} {Algorithms}},
	doi = {10.1371/journal.pone.0139509},
	language = {en},
	number = {10},
	journal = {PLoS ONE},
	author = {Chin, Wei-Chien-Benny and Wen, Tzai-Hung},
	editor = {Sendiña-Nadal, Irene},
	year = {2015},
	pages = {e0139509},
	file = {journal.pone.0139509.pdf:G\:\\Geoff\\Dropbox\\Documents\\School\\PhD\\Readings\\Zotero\\storage\\I5IGTEH8\\journal.pone.0139509.pdf:application/pdf}
}

@article{opsahl_clustering_2009,
	title = {Clustering in weighted networks},
	volume = {31},
	issn = {03788733},
	doi = {10.1016/j.socnet.2009.02.002},
	language = {en},
	number = {2},
	journal = {Social Networks},
	author = {Opsahl, Tore and Panzarasa, Pietro},
	year = {2009},
	pages = {155--163},
	file = {opsahl-clustering-weighted-networks.pdf:G\:\\Geoff\\Dropbox\\Documents\\School\\PhD\\Readings\\Zotero\\storage\\HEIUWASZ\\opsahl-clustering-weighted-networks.pdf:application/pdf}
}

@incollection{fischer_spatial_2014,
	address = {Berlin, Germany},
	title = {Spatial {Network} {Analysis}},
	isbn = {978-3-642-23429-3},
	language = {en},
	booktitle = {Handbook of {Regional} {Science}},
	publisher = {Springer-Verlag},
	author = {O'Sullivan, David},
	editor = {Fischer, Manfred M. and Nijkamp, Peter},
	year = {2014},
	pages = {1253--1273},
	file = {osullivan-spatial-networks.pdf:G\:\\Geoff\\Dropbox\\Documents\\School\\PhD\\Readings\\Zotero\\storage\\IAQHRQN2\\osullivan-spatial-networks.pdf:application/pdf}
}

@article{over_generating_2010,
	title = {Generating web-based 3D {City} {Models} from {OpenStreetMap}: {The} current situation in {Germany}},
	volume = {34},
	issn = {01989715},
	doi = {10.1016/j.compenvurbsys.2010.05.001},
	language = {en},
	number = {6},
	journal = {Computers, Environment and Urban Systems},
	author = {Over, M. and Schilling, A. and Neubauer, S. and Zipf, A.},
	year = {2010},
	pages = {496--507},
	file = {over - generating models osm.pdf:G\:\\Geoff\\Dropbox\\Documents\\School\\PhD\\Readings\\Zotero\\storage\\CMWRD65Q\\over - generating models osm.pdf:application/pdf}
}

@article{strano_urban_2013,
	title = {Urban {Street} {Networks}, a {Comparative} {Analysis} of {Ten} {European} {Cities}},
	volume = {40},
	issn = {1472-3417},
	doi = {10.1068/b38216},
	language = {en},
	number = {6},
	journal = {Environment and Planning B: Planning and Design},
	author = {Strano, Emanuele and Viana, Matheus and da Fontoura Costa, Luciano and Cardillo, Alessio and Porta, Sergio and Latora, Vito},
	year = {2013},
	pages = {1071--1086},
	file = {strano-Urban street networks.pdf:G\:\\Geoff\\Dropbox\\Documents\\School\\PhD\\Readings\\Zotero\\storage\\7MQ4RV56\\strano-Urban street networks.pdf:application/pdf}
}

@article{wu_improving_2005,
	title = {Improving spatial accuracy of roadway networks and geocoded addresses},
	volume = {9},
	issn = {1467-9671},
	doi = {10.1111/j.1467-9671.2005.00236.x},
	number = {4},
	journal = {Transactions in GIS},
	author = {Wu, Jun and Funk, Tami H. and Lurmann, Frederick W. and Winer, Arthur M.},
	year = {2005},
	pages = {585--601},
	file = {wu-spatial-accuracy-street-networks.pdf:G\:\\Geoff\\Dropbox\\Documents\\School\\PhD\\Readings\\Zotero\\storage\\KP4WGPTK\\wu-spatial-accuracy-street-networks.pdf:application/pdf}
}

@article{zielstra_comparative_2011,
	title = {Comparative {Study} of {Pedestrian} {Accessibility} to {Transit} {Stations} {Using} {Free} and {Proprietary} {Network} {Data}},
	volume = {2217},
	issn = {0361-1981},
	doi = {10.3141/2217-18},
	language = {en},
	journal = {Transportation Research Record: Journal of the Transportation Research Board},
	author = {Zielstra, Dennis and Hochmair, Hartwig},
	year = {2011},
	pages = {145--152},
	file = {zielstra - comparing network data.pdf:G\:\\Geoff\\Dropbox\\Documents\\School\\PhD\\Readings\\Zotero\\storage\\V92PVCQ4\\zielstra - comparing network data.pdf:application/pdf}
}

@article{willis_openstreetmap_2008,
	title = {{OpenStreetMap} project completes import of {United} {States} {TIGER} data},
	url = {https://www.linux.com/news/openstreetmap-project-completes-import-united-states-tiger-data},
	urldate = {2016-11-04},
	journal = {Linux.com},
	author = {Willis, Nathan},
	month = jan,
	year = {2008}
}

@article{beineke_average_2002,
	title = {The {Average} {Connectivity} of a {Graph}},
	volume = {252},
	issn = {0012-365X},
	doi = {10.1016/S0012-365X(01)00180-7},
	number = {1},
	journal = {Discrete Mathematics},
	author = {Beineke, Lowell W. and Oellermann, Ortrud R. and Pippert, Raymond E.},
	year = {2002},
	pages = {31--45},
	file = {1-s2.0-S0012365X01001807-main.pdf:G\:\\Geoff\\Dropbox\\Documents\\School\\PhD\\Readings\\Zotero\\storage\\5CWS3DHE\\1-s2.0-S0012365X01001807-main.pdf:application/pdf}
}

@article{brin_anatomy_1998,
	title = {The anatomy of a large-scale hypertextual web search engine},
	volume = {30},
	issn = {1389-1286},
	doi = {10.1016/S0169-7552(98)00110-X},
	number = {1-7},
	journal = {Computer Networks and ISDN Systems: Proceedings of the Seventh International World Wide Web Conference},
	author = {Brin, Sergey and Page, Lawrence},
	year = {1998},
	pages = {107--117},
	file = {google.pdf:G\:\\Geoff\\Dropbox\\Documents\\School\\PhD\\Readings\\Zotero\\storage\\FERCCEWK\\google.pdf:application/pdf}
}

@article{dorogovtsev_evolution_2002,
	title = {Evolution of networks},
	volume = {51},
	doi = {10.1080 /0001873011011251},
	number = {4},
	journal = {Advances in Physics},
	author = {Dorogovtsev, S.N. and Mendes, J.F.F.},
	year = {2002},
	pages = {1079--1187},
	file = {dorogovsev-mednez-review.pdf:G\:\\Geoff\\Dropbox\\Documents\\School\\PhD\\Readings\\Zotero\\storage\\BPQH6VUS\\dorogovsev-mednez-review.pdf:application/pdf}
}

@article{frizzelle_importance_2009,
	title = {The importance of accurate road data for spatial applications in public health: customizing a road network},
	volume = {8},
	issn = {1476-072X},
	doi = {10.1186/1476-072X-8-24},
	number = {24},
	journal = {International Journal of Health Geographics},
	author = {Frizzelle, Brian and Evenson, Kelly and Rodriguez, Daniel and Laraia, Barbara},
	year = {2009},
	file = {Frizzelle-tigerline-road-accuracy.pdf:G\:\\Geoff\\Dropbox\\Documents\\School\\PhD\\Readings\\Zotero\\storage\\8DV6RCI3\\Frizzelle-tigerline-road-accuracy.pdf:application/pdf}
}

@unpublished{jiang_predicting_2008,
	address = {Hong Kong Polytechnic University},
	title = {Predicting human movement using {PageRank} in an urban environment},
	author = {Jiang, Bin},
	year = {2008},
	file = {0612011.pdf:G\:\\Geoff\\Dropbox\\Documents\\School\\PhD\\Readings\\Zotero\\storage\\2WTUAJFK\\0612011.pdf:application/pdf}
}

@article{besbris_effect_2015,
	title = {Effect of neighborhood stigma on economic transactions},
	volume = {112},
	issn = {0027-8424},
	doi = {10.1073/pnas.1414139112},
	language = {en},
	number = {16},
	journal = {Proceedings of the National Academy of Sciences},
	author = {Besbris, Max and Faber, Jacob William and Rich, Peter and Sharkey, Patrick},
	year = {2015},
	pages = {4994--4998},
	file = {PNAS-2015-Besbris-4994-8.pdf:G\:\\Geoff\\Dropbox\\Documents\\School\\PhD\\Readings\\Zotero\\storage\\248ZKXZJ\\PNAS-2015-Besbris-4994-8.pdf:application/pdf}
}

@incollection{schernthanner_spatial_2016,
	address = {Cham},
	title = {Spatial {Modeling} and {Geovisualization} of {Rental} {Prices} for {Real} {Estate} {Portals}},
	booktitle = {{ICCSA} 2016},
	publisher = {Springer},
	author = {Schernthanner, Harald and Asche, Hartmut and Gonschorek, Julia and Scheele, Lasse},
	year = {2016},
	pages = {120--133},
	file = {Camera_Ready_Schernthanner_FINAL13_5_2016.pdf:G\:\\Geoff\\Dropbox\\Documents\\School\\PhD\\Readings\\Zotero\\storage\\G8A5RHQP\\Camera_Ready_Schernthanner_FINAL13_5_2016.pdf:application/pdf}
}

@techreport{albrecht_indicator_2014,
	address = {New York, NY},
	title = {Indicator {Analysis} for {Unpacking} {Poverty} in {New} {York} {City}},
	institution = {CUNY},
	author = {Albrecht, Jochen and Abramovitz, Mimi},
	year = {2014}
}

@misc{u.s._census_bureau_2010_2010,
	title = {2010 {Census} {Urban} and {Rural} {Classification} and {Urban} {Area} {Criteria}},
	url = {https://www.census.gov/geo/reference/ua/urban-rural-2010.html},
	abstract = {2010 Census Urban and Rural, Classification, Criteria, lists, urban population, urban cluster},
	language = {EN-US},
	urldate = {2016-11-15},
	journal = {United States Census Bureau},
	author = {{U.S. Census Bureau}},
	year = {2010}
}

@article{masucci_random_2009,
	title = {Random planar graphs and the {London} street network},
	volume = {71},
	issn = {1434-6028},
	doi = {10.1140/epjb/e2009-00290-4},
	number = {2},
	journal = {The European Physical Journal B: Condensed Matter and Complex Systems},
	author = {Masucci, A. Paolo and Smith, D. and Crooks, A. and Batty, Michael},
	year = {2009},
	pages = {259--271},
	file = {2fedec458ee77a96baee5f183bed15479dc2.pdf:G\:\\Geoff\\Dropbox\\Documents\\School\\PhD\\Readings\\Zotero\\storage\\RTLZNIAP\\2fedec458ee77a96baee5f183bed15479dc2.pdf:application/pdf}
}

@book{sherraden_inclusion_2005,
	address = {Oxford, England},
	title = {Inclusion in the {American} {Dream}: {Assets}, {Poverty}, and {Public} {Policy}},
	isbn = {978-0-19-534709-8},
	shorttitle = {Inclusion in the {American} {Dream}},
	abstract = {Inclusion in the American Dream brings together leading scholars and policy experts on the topic of asset building, particularly as this relates to public policy. The typical American household accumulates most of its assets in home equity and retirement accounts, both of which are subsidized through the tax system. But the poor, for the most part, do not participate in these asset accumulation policies. The challenge is to expand the asset-based policy structure so that everyone is included.},
	language = {en},
	publisher = {Oxford University Press},
	author = {Sherraden, Michael},
	year = {2005},
	keywords = {Business \& Economics / Economics / Theory, Political Science / Public Policy / Economic Policy, Social Science / Poverty \& Homelessness}
}

@book{lee_kansas_1979,
	address = {North Stratford, NH},
	series = {The management of public lands in the {United} {States}},
	title = {Kansas and the {Homestead} act, 1862-1905},
	isbn = {978-0-405-11341-3},
	language = {English},
	publisher = {Ayer Company Publishers},
	author = {Lee, Lawrence Bacon},
	year = {1979}
}

@book{porterfield_homestead_2005,
	address = {New York, NY},
	edition = {1st},
	title = {The {Homestead} {Act} of 1862: {A} {Primary} {Source} {History} of the {Settlement} of the {American} {Heartland} in the {Late} 19th {Century}},
	isbn = {978-1-4042-0178-1},
	shorttitle = {The {Homestead} {Act} of 1862},
	abstract = {Using primary source documents such as congressional papers, newspaper articles, letters, advertisements, and photographs, this book traces the movements of homesteaders into unsettled territories. It then looks at the development of those territories into states. With lively language and engaging images, this book provides powerful insight into the way the homesteaders lived and worked.},
	language = {English},
	publisher = {Rosen Publishing Group},
	author = {Porterfield, Jason},
	year = {2005}
}

@article{cardillo_structural_2006,
	title = {Structural properties of planar graphs of urban street patterns},
	volume = {73},
	issn = {1539-3755},
	doi = {10.1103/PhysRevE.73.066107},
	language = {en},
	number = {6},
	journal = {Physical Review E},
	author = {Cardillo, Alessio and Scellato, Salvatore and Latora, Vito and Porta, Sergio},
	year = {2006},
	file = {PhysRevE.73.pdf:G\:\\Geoff\\Dropbox\\Documents\\School\\PhD\\Readings\\Zotero\\storage\\G23IQFTZ\\PhysRevE.73.pdf:application/pdf}
}

@article{buhl_topological_2006,
	title = {Topological patterns in street networks of self-organized urban settlements},
	volume = {49},
	issn = {1434-6028},
	doi = {10.1140/epjb/e2006-00085-1},
	language = {en},
	number = {4},
	journal = {The European Physical Journal B: Condensed Matter and Complex Systems},
	author = {Buhl, J. and Gautrais, J. and Reeves, N. and Solé, R. V. and Valverde, S. and Kuntz, P. and Theraulaz, G.},
	year = {2006},
	pages = {513--522},
	file = {TOPOstreetsEPJB.pdf:G\:\\Geoff\\Dropbox\\Documents\\School\\PhD\\Readings\\Zotero\\storage\\D29VTN8Q\\TOPOstreetsEPJB.pdf:application/pdf}
}

@article{maron_how_2015,
	title = {How complete is {OpenStreetMap}?},
	url = {https://www.mapbox.com/blog/how-complete-is-openstreetmap/},
	urldate = {2017-02-09},
	journal = {Mapbox},
	author = {Maron, Mikel},
	month = nov,
	year = {2015}
}

@article{haklay_how_2010,
	title = {How {Good} is {Volunteered} {Geographical} {Information}? {A} {Comparative} {Study} of {OpenStreetMap} and {Ordnance} {Survey} {Datasets}},
	volume = {37},
	issn = {1472-3417},
	shorttitle = {How {Good} is {Volunteered} {Geographical} {Information}?},
	doi = {10.1068/b35097},
	language = {en},
	number = {4},
	journal = {Environment and Planning B: Planning and Design},
	author = {Haklay, Mordechai},
	year = {2010},
	pages = {682--703},
	file = {haklay10.pdf:G\:\\Geoff\\Dropbox\\Documents\\School\\PhD\\Readings\\Zotero\\storage\\4GWRFBHD\\haklay10.pdf:application/pdf}
}

@article{dankelmann_bounds_2003,
	title = {Bounds on the average connectivity of a graph},
	volume = {129},
	issn = {0166-218X},
	doi = {10.1016/S0166-218X(02)00572-3},
	number = {2},
	journal = {Discrete Applied Mathematics},
	author = {Dankelmann, Peter and Oellermann, Ortrud R.},
	year = {2003},
	pages = {305--318},
	file = {dankelmann2003.pdf:G\:\\Geoff\\Dropbox\\Documents\\School\\PhD\\Readings\\Zotero\\storage\\SVXJ76A5\\dankelmann2003.pdf:application/pdf}
}

@article{boeing_osmnx:_2017,
	title = {{OSMnx}: {New} {Methods} for {Acquiring}, {Constructing}, {Analyzing}, and {Visualizing} {Complex} {Street} {Networks}},
	volume = {65},
	doi = {10.1016/j.compenvurbsys.2017.05.004},
	number = {126-139},
	journal = {Computers, Environment and Urban Systems},
	author = {Boeing, Geoff},
	year = {2017},
	file = {boeing-osmnx-street-networks.pdf:G\:\\Geoff\\Dropbox\\Documents\\School\\PhD\\Readings\\Zotero\\storage\\4ZDHC8WH\\boeing-osmnx-street-networks.pdf:application/pdf}
}

@article{zhong_revealing_2017,
	title = {Revealing centrality in the spatial structure of cities from human activity patterns},
	volume = {54},
	issn = {0042-0980},
	doi = {10.1177/0042098015601599},
	language = {en},
	number = {2},
	journal = {Urban Studies},
	author = {Zhong, Chen and Schläpfer, Markus and Arisona, Stefan Müller and Batty, Michael and Ratti, Carlo and Schmitt, Gerhard},
	year = {2017},
	pages = {437--455},
	file = {0042098015601599.pdf:G\:\\Geoff\\Dropbox\\Documents\\School\\PhD\\Readings\\Zotero\\storage\\T9CV75MB\\0042098015601599.pdf:application/pdf}
}

@article{viana_simplicity_2013,
	title = {The simplicity of planar networks},
	volume = {3},
	issn = {2045-2322},
	doi = {10.1038/srep03495},
	number = {3495},
	journal = {Scientific Reports},
	author = {Viana, Matheus P. and Strano, Emanuele and Bordin, Patricia and Barthelemy, Marc},
	year = {2013},
	pages = {1--6},
	file = {srep03495.pdf:G\:\\Geoff\\Dropbox\\Documents\\School\\PhD\\Readings\\Zotero\\storage\\8QG9948M\\srep03495.pdf:application/pdf}
}

@article{talen_measuring_2003,
	title = {Measuring {Urbanism}: {Issues} in {Smart} {Growth} {Research}},
	volume = {8},
	issn = {1357-4809},
	shorttitle = {Measuring {Urbanism}},
	doi = {10.1080/1357480032000155141},
	language = {en},
	number = {3},
	journal = {Journal of Urban Design},
	author = {Talen, Emily},
	year = {2003},
	pages = {195--215},
	file = {Measuring Urbanism Issues in Smart Growth Research.pdf:G\:\\Geoff\\Dropbox\\Documents\\School\\PhD\\Readings\\Zotero\\storage\\IUAAW2KB\\Measuring Urbanism Issues in Smart Growth Research.pdf:application/pdf}
}

@incollection{batty_network_2005,
	address = {Chichester, England},
	title = {Network geography: {Relations}, interactions, scaling and spatial processes in {GIS}},
	shorttitle = {Network geography},
	booktitle = {Re-{Presenting} {GIS}},
	publisher = {John Wiley \& Sons},
	author = {Batty, Michael},
	editor = {Unwin, D. J. and Fisher, P.},
	year = {2005},
	pages = {149--170},
	file = {paper63.pdf:G\:\\Geoff\\Dropbox\\Documents\\School\\PhD\\Readings\\Zotero\\storage\\R5KX5XQT\\paper63.pdf:application/pdf}
}

@phdthesis{boeing_methods_2017,
	address = {Berkeley, CA},
	type = {Dissertation},
	title = {Methods and {Measures} for {Analyzing} {Complex} {Street} {Networks} and {Urban} {Form}},
	url = {https://escholarship.org/uc/item/44s43425},
	school = {University of California, Berkeley},
	author = {Boeing, Geoff},
	year = {2017},
	file = {manuscript-final.pdf:G\:\\Geoff\\Dropbox\\Documents\\School\\PhD\\Readings\\Zotero\\storage\\TM2JXGGG\\manuscript-final.pdf:application/pdf}
}

@unpublished{boeing_morphology_2018,
	note = {Under review},
	title = {The {Morphology} and {Circuity} of {Walkable} and {Drivable} {Street} {Networks}},
	author = {Boeing, Geoff},
	year = {2018},
	file = {manuscript.pdf:G\:\\Geoff\\Dropbox\\Documents\\School\\PhD\\Readings\\Zotero\\storage\\T36KCJHN\\manuscript.pdf:application/pdf}
}

@unpublished{boeing_planarity_2018,
	note = {Under review},
	title = {Planarity and {Street} {Network} {Representation} in {Urban} {Form} {Analysis}},
	author = {Boeing, Geoff},
	year = {2018}
}